2046 3250
1003 161 1056 198 20

587 282 598 296 t
985 281 992 294 ἱ
1221 282 1241 294 ‘l
1301 280 1312 295 9
1354 279 1365 293 ⁵
1469 279 1477 293 Ι
1789 279 1801 293 1

253 287 527 345 respondent
573 303 595 327 ο
640 288 729 341 μὲν
775 282 860 328 οὖν
898 285 1018 333 Ζευς
1216 301 1238 326 ο
1273 302 1300 327 τ
1366 283 1618 334 Απολλων,
1663 282 1743 326 sed
1776 301 1798 325 ο

252 353 339 404 μὲν
372 341 455 387 οὖν
485 341 606 391 Ζεύς
638 342 662 385 ὅ
694 338 733 385 τ’
764 339 1006 386 Ἀπόλλων
1038 377 1046 386 .
1068 374 1077 384 .
1097 374 1132 386 ..
1164 347 1207 384 et
1239 339 1416 398 οἷνδρῶν
1448 337 1485 384 δ’
1516 340 1587 384 ὅτι
1622 343 1712 384 κτλ.

370 403 599 446 Nonnulla
640 402 839 458 exempla
882 402 943 443 ita
984 407 1088 443 sunt
1129 407 1409 458 comparata,
1459 406 1508 443 ut
1542 399 1588 442 δέ
1621 400 1799 442 omnino

252 479 341 505 non
383 463 621 518 recipiant,
655 466 705 502 ut
745 461 828 504 Or.
866 461 990 502 1317.
1034 456 1174 503 πάλιν
1215 456 1468 514 κατάστηθ’
1506 455 1658 515 φῖσύχῳ
1699 463 1802 514 μὲν

252 520 427 576 ὄμματι,
461 517 573 577 χρόᾳ
605 516 643 560 τ’
676 515 824 576 α’δήλῳ
856 522 948 562 τῶν
981 519 1261 574 δεδραμένων
1293 518 1410 574 πέρι.
1433 518 1486 561 cf.
1506 517 1666 561 Andr.
1703 517 1800 560 147.

251 580 340 622 Sed
379 580 424 620 in
461 593 503 622 v,
545 577 630 619 467
674 582 769 632 ἔριν
802 582 902 635 μὲν
942 580 1075 620 οἴκων
1117 576 1344 632 δυσμενεῖς
1383 594 1441 620 τε
1482 573 1631 624 λύπας
1691 576 1802 617 haec

251 639 382 680 lectio
422 636 659 679 reiicienda
705 641 790 686 est,
842 637 946 694 quia
983 637 1028 678 in
1068 636 1190 677 libris
1232 649 1321 677 non
1363 638 1457 691 ἔριν
1489 638 1595 691 μὲν,
1645 635 1726 677 sed
1758 635 1801 676 in

255 697 458 738 omnibus
499 696 589 737 fere
630 695 778 749 ἔριδας
821 699 952 738 οἴκων
998 696 1159 752 legitur
1200 699 1389 750 excepto
1433 693 1587 736 codice
1632 693 1683 736 B.
1727 694 1801 750 qui

251 752 356 810 ἔριὸ“’
395 757 526 797 οἴκων
565 754 722 805 habet3
771 758 864 811 ἔριν
901 759 990 811 μὲν
1031 757 1162 797 οἴκων
1204 759 1349 795 autem
1383 759 1450 795 est
1488 753 1660 794 Musuri
1693 767 1799 794 con-

248 814 415 856 iectura
445 812 756 855 infelicissima.

882 976 1056 1022 Caput
1092 977 1164 1012 11.

832 1074 886 1118 De
918 1072 1006 1128 μέν
1039 1074 1217 1131 elliptieo.

366 1166 468 1223 μέν,
503 1182 637 1224 quum
672 1166 901 1223 primum
935 1165 1163 1223 significet,
1199 1166 1234 1207 si
1268 1164 1428 1207 dicitur
1458 1180 1550 1208 non
1585 1172 1799 1223 sequente

248 1226 316 1277 δέ,
351 1231 427 1267 aut
466 1226 649 1283 intelligi
693 1226 825 1267 debet
866 1225 913 1267 δέ
945 1231 1022 1266 aut
1064 1226 1280 1266 omittitur
1311 1224 1387 1266 illa
1427 1239 1533 1280 pars
1568 1226 1798 1275 orationis,

246 1287 290 1327 in
333 1299 422 1341 qua
463 1286 588 1342 sequi
632 1285 823 1326 debebat
857 1284 978 1338 δ’έῖῧ).
1058 1284 1197 1341 Igitur
1239 1297 1422 1325 neeesse
1470 1290 1536 1326 est
1583 1286 1800 1326 sententia

249 1344 461 1400 opposita
493 1350 569 1386 aut
601 1344 687 1385 alia
717 1344 890 1385 ratione
924 1357 1137 1398 expressa
1170 1343 1225 1384 sit
1258 1349 1335 1384 aut
1367 1357 1447 1398 per
1479 1358 1524 1384 se
1555 1344 1702 1399 possit
1733 1344 1798 1385 in-

248 1403 398 1459 telligi.
461 1403 609 1459 Atque
649 1403 736 1443 hoc
779 1403 906 1443 etiam
939 1403 1209 1457 grammatici
1251 1407 1293 1443 et
1332 1401 1595 1457 interpretes
1627 1403 1799 1444 intelle-

245 1467 408 1503 xerunt.
439 1476 585 1517 neque
631 1462 809 1503 omnino
853 1460 1031 1502 difficile
1073 1466 1139 1502 est
1173 1461 1230 1501 ad
1262 1459 1607 1517 intelligendum.
1672 1461 1798 1503 Diffi-

246 1520 390 1562 cultas
437 1526 581 1562 autem
628 1521 744 1561 inest
798 1521 839 1561 in
889 1519 1074 1576 singulis
1120 1519 1232 1561 locis
1279 1519 1569 1575 explicandis.
1651 1520 1798 1576 Atque

244 1581 506 1635 interpretes
540 1579 715 1635 quidem
755 1579 799 1619 in
839 1579 923 1619 hac
961 1594 1007 1619 re
1049 1579 1305 1634 saepissime
1345 1579 1407 1619 ita
1439 1579 1605 1620 versari
1639 1580 1797 1629 solent,

244 1645 294 1679 ut
314 1639 370 1679 ad
404 1653 480 1679 eos
512 1638 654 1687 locos,
689 1638 731 1679 in
766 1638 929 1693 quibus
962 1638 1181 1679 sententia
1215 1638 1427 1693 opposita
1452 1638 1581 1679 facile
1613 1638 1798 1696 intelligi

244 1702 416 1754 potest,
466 1698 637 1738 dehac
669 1712 715 1738 re
749 1696 993 1745 disserant,
1042 1696 1118 1737 ubi
1159 1711 1266 1738 vero
1310 1697 1438 1738 100118
1481 1696 1701 1739 difficilior
1731 1703 1795 1739 est

245 1757 300 1798 ad
336 1756 669 1812 explicandum,
715 1756 893 1797 omnino
935 1770 1027 1796 non
1062 1755 1116 1796 de
1147 1755 1231 1797 hac
1264 1770 1310 1796 re
1343 1755 1587 1811 disputent.
1651 1756 1795 1813 Saepe

246 1816 375 1856 etiam
408 1822 666 1856 erraverunt
697 1815 740 1855 in
773 1815 886 1856 locis
926 1814 1217 1870 explicandis.
1279 1815 1347 1856 Ita
1378 1814 1492 1857 falso
1527 1815 1615 1856 huc
1646 1815 1794 1857 retulit

245 1874 520 1930 Hartungius
544 1875 572 1919 1,
593 1889 612 1915 8
646 1873 931 1929 s.11.p.411.
966 1873 1140 1916 Prom.
1175 1873 1276 1923 753,
1311 1874 1365 1915 de
1399 1888 1489 1929 quo
1522 1874 1624 1916 1000
1658 1874 1796 1916 locuti

245 1947 396 1974 sumus
429 1934 472 1973 in
505 1933 587 1985 §Q
611 1938 652 1974 et
676 1933 827 1987 Sept.
863 1932 960 1981 751,
993 1932 1070 1973 ubi
1100 1933 1347 1988 respondet
1380 1931 1425 1975 δέ
1445 1948 1485 1974 v.
1506 1933 1602 1975 759.
1650 1933 1797 1986 Quare

244 2006 424 2033 necesse
469 1997 535 2032 est
575 1992 842 2048 colligantur
885 2006 1037 2032 omnes
1084 1991 1341 2033 huiusmodi
1391 1991 1478 2034 loci
1518 1993 1560 2033 in
1611 1993 1796 2049 singulis

244 2051 550 2106 scriptoribus,
584 2056 633 2092 ut
668 2066 720 2092 ex
755 2065 843 2106 qua
876 2051 1047 2091 ratione
1081 2047 1127 2092 δέ
1163 2051 1302 2092 omitti
1334 2052 1480 2106 possit
1510 2051 1795 2108 intelligatur.

243 2110 400 2166 Neque
434 2111 546 2150 enim
581 2110 666 2151 alia
696 2110 867 2151 ratione
910 2114 1062 2165 potest
1093 2110 1307 2165 perspici,
1354 2110 1461 2166 quid
1494 2111 1656 2167 singuli
1689 2111 1793 2152 scri-

242 2175 396 2224 ptores
444 2169 489 2209 in
537 2168 626 2210 1100
673 2183 831 2225 genere
875 2169 958 2209 sibi
1003 2169 1233 2226 indulgere
1287 2168 1460 2210 soleant
1503 2184 1584 2211 nec
1629 2176 1793 2211 certum

245 2228 489 2284 quidquam
522 2227 577 2268 de
610 2230 698 2283 μέν
732 2227 996 2269 affirmativo
1032 2229 1166 2269 statui
1199 2233 1363 2284 potest.

957 2336 978 2387 ς·
1016 2334 1081 2376 17.

358 2415 425 2456 Ex
461 2415 550 2457 hoc
584 2430 741 2472 genere
774 2415 810 2456 is
844 2430 952 2456 usus
986 2415 1339 2472 simplicissimus
1372 2422 1451 2466 est,
1486 2431 1539 2458 ex
1574 2431 1686 2473 quo,
1721 2418 1795 2459 ubi

243 2475 481 2516 antecessit
522 2477 704 2529 πρῶτον
743 2475 832 2530 μέν
871 2474 941 2515 vel
985 2476 1123 2516 simile
1167 2475 1418 2531 quidpiam,
1463 2491 1555 2517 non
1597 2477 1796 2533 sequitur

243 2538 399 2575 «ἔπειτα
423 2533 470 2575 δέ
489 2532 566 2574 sed
601 2535 757 2574 ἔπειτα
791 2533 955 2574 01111880
990 2534 1053 2591 δέ,
1087 2534 1147 2575 ita
1178 2540 1229 2575 ut
1261 2534 1399 2576 altera
1427 2549 1496 2576 res
1528 2535 1797 2593 adiungatur

245 2592 534 2646 oppositione
565 2605 655 2632 non
691 2605 916 2646 expressa.

358 2651 551 2692 Aesch.
584 2651 730 2692 Pers.
766 2650 863 2692 52⁴2.
908 2657 1036 2699 θεοῖς
1069 2654 1157 2705 μὲν
1193 2653 1376 2708 πρῶτον
1407 2649 1627 2701 εὔξασθαι
1658 2651 1795 2695 θέλω.

243 2711 400 2750 ἔπειτα
432 2711 488 2765 γῇ
529 2725 581 2750 τε
624 2715 695 2752 καὶ
729 2715 918 2763 φθιτοῖς
950 2708 1198 2764 δωρήματα
1240 2707 1325 2765 ἥξω
1357 2711 1561 2767 λαβοῦσα
1594 2712 1797 2754 πέλανον

243 2768 285 2813 ἐξ
328 2767 460 2809 οἴκων
493 2769 630 2822 ἐμῶν.
702 2766 796 2823 Ag.
841 2766 922 2808 861
969 2767 1022 2810 cf.
1067 2767 1151 2808 877
1193 2774 1254 2820 (ἐκ
1294 2769 1466 2821 τῶνδε).
1545 2768 1636 2814 Oh.
1680 2769 1792 2811 1069

242 2819 499 2880 (δεύτερον).

335 2930 380 2967 ²⁶)
407 2930 450 2964 cs,
477 2932 519 2966 G.
545 2930 663 2968 Herm.
691 2932 733 2966 ad
760 2932 839 2979 vig.
871 2945 902 2978 p.
929 2933 993 2968 841
1027 2945 1058 2968 n.
1087 2934 1164 2968 5:57.
1217 2934 1368 2979 Kriigeri
1394 2935 1454 2968 (ἰν.
1488 2934 1548 2968 Gr.
1577 2934 1665 2979 3¹69,
1694 2935 1749 2974 35,
1774 2939 1794 2968 2¹
