2046 3250
884 338 1009 393 §47-

569 417 620 475 3)
667 416 846 476 ὥσπερ
882 445 931 452 -—-
967 415 1228 468 αἷσαύτως
1262 419 1332 463 δέ.

289 500 401 543 Post
432 501 758 557 comparativas
792 515 974 559 quoque
1005 501 1248 558 particulas
1281 501 1329 545 δέ
1360 502 1404 544 in
1432 502 1625 560 apodosi
1655 502 1718 546 le-

171 558 299 616 gitur.
361 558 430 601 Ita
461 559 628 616 Soph.
662 560 736 604 El.
770 560 839 602 27.
903 559 1050 617 ὥσπερ
1089 559 1174 617 γάρ
1215 566 1358 609 ἵππος
1400 558 1601 619 εὐγενής,
1635 561 1720 606 κᾶν

172 615 199 676 ᾗ
231 619 384 675 γέρων,
419 621 468 661 ἐν
497 626 611 662 τοῖσι
646 619 810 668 δεινοῖς
846 615 1004 676 θυμόν
1036 617 1116 662 οὐκ
1150 614 1406 671 «halsow,
1447 617 1540 662 dm?
1570 617 1720 678 ὀρθόν

171 734 282 769 Deest
306 735 451 769 verbum
477 735 622 778 finitum,
648 748 757 782 quare
782 736 888 783 vulgo
914 742 997 783 post
1028 735 1242 781 ἡλιοστιβεῖς
1273 736 1403 782 aliquid
1435 737 1608 771 excidisse
1641 750 1717 772 cre—

172 782 284 825 ditur,
321 793 427 828 quum
458 784 678 829 participium
712 796 775 829 pro
803 784 911 818 verbo
945 784 1041 818 sinito
1067 784 1151 829 poni
1178 790 1340 828 nequeat.
1391 784 1473 830 Ipse
1499 785 1718 819 conieceram

170 828 403 875 ἡλίουστίβει,
431 830 526 874 quod
551 842 642 864 nunc
670 832 769 864 video
797 832 863 864 iam
889 830 1043 864 Siebeliu
1072 837 1105 864 et
1131 830 1364 876 Hartungium
1391 832 1578 877 scripsisse
1604 838 1637 865 et
1664 843 1719 865 ai·-

171 877 346 922 gmnentis
373 877 459 910 satis
484 876 698 912 defendisse.
733 897 778 902 —
810 877 893 911 Non
919 877 1159 911 difficultatem
1186 879 1357 923 praebent
1384 878 1475 911 tales
1501 879 1579 919 loci,
1607 879 1719 923 qualis

170 930 224 957 est
248 923 362 959 Eum.
386 923 485 960 1037.
535 923 627 958 Nam
652 935 717 970 per
741 925 801 969 769
827 924 894 959 ι’πό
911 953 916 959 .
932 953 938 959 .
956 953 984 959 ..
1018 926 1178 968 risos-uae
1205 926 1454 958 continuantur
1486 926 1595 959 verba
1620 931 1720 959 stro-

168 970 260 1016 phae
283 969 369 1017 βᾶτε
393 968 491 1015 δόμῳ
515 970 639 1006 παῖδες
661 970 915 1006 nrt—Simili
941 973 1077 1005 ratione
1109 972 1143 1004 in
1170 970 1237 1006 Ch.
1251 971 1329 1006 356.
1381 983 1425 1006 ex
1452 971 1520 1007 Str.
1547 971 1570 1007 δ
1592 983 1622 1008 ν.
1651 971 1716 1005 351

170 1017 395 1061 πολῦχωστον
419 1015 464 1051 ἂν
493 1017 576 1061 εἶχες
606 1016 721 1063 τάφον
760 1018 994 1064 supplendum
1029 1024 1084 1052 est
1113 1033 1150 1053 π.
1178 1017 1221 1052 ἂν
1250 1019 1339 1061 εἶχεν
1362 1017 1487 1064 τάφον.
1525 1038 1569 1043 -
1605 1018 1717 1053 Eum.

171 1063 244 1099 144.
296 1060 321 1107 ἦ
343 1063 458 1099 πολλοὶ
482 1063 524 1109 δή
550 1064 718 1100 ,ταθοῐῗσα
743 1071 798 1100 καὶ
835 1064 950 1110 μάτην
984 1065 1063 1110 ἐγώ.
1114 1065 1222 1099 Recte
1255 1065 1497 1099 Rossbachius
1531 1065 1591 1109 (de
1617 1065 1716 1100 Eum.

169 1110 338 1146 antichor.
364 1122 488 1147 comm.
516 1123 548 1157 p.
575 1112 612 1156 8)
638 1113 787 1157 primum
814 1113 985 1146 canticum
1011 1113 1057 1146 ita
1083 1113 1171 1146 inter
1198 1113 1410 1146 hemichoria
1436 1112 1568 1154 divisit,
1601 1118 1639 1146 ut
1663 1113 1717 1146 hic

170 1169 303 1198 versuS‚
331 1158 365 1190 in
391 1169 460 1202 quo
487 1160 658 1194 παθοΓοα
684 1159 789 1205 vulgo
804 1171 868 1205 pro
884 1159 1164 1195 {naaovdictum
1176 1164 1330 1205 putatur,
1357 1160 1622 1195 continueturv.
1640 1159 1717 1194 148.

170 1203 250 1246 Quo
277 1204 370 1238 facto
398 1206 483 1238 haec
509 1211 563 1240 est
587 1207 758 1240 orationis
782 1207 1020 1252 perpetuitas:
1070 1204 1092 1249 ἧ
1117 1207 1231 1242 πολλά
1258 1206 1301 1251 δή
1327 1206 1499 1242 παθοῦσα
1523 1212 1580 1242 καὶ
1605 1206 1719 1250 μάτην

169 1252 236 1298 ἐγώ
262 1249 358 1295 ὕπνῳ
383 1251 590 1296 κρατηθεῖἄ
613 1253 724 1298 ἄγραν
747 1252 868 1289 duma.
889 1273 933 1279 -
948 1253 1059 1288 Eum.
1074 1253 1152 1288 359.
1179 1253 1411 1296 σπι-δόλιιεναι
1437 1252 1622 1296 δ”.οἶᾳελεῖν
1646 1254 1716 1287 κτλ.

169 1299 210 1332 In
234 1299 267 1334 h.
295 1299 316 1333 l.
342 1298 517 1333 haesitare
544 1299 661 1334 solent
686 1301 909 1346 interpretes.
960 1299 1087 1345 Neque
1112 1311 1197 1333 vero
1217 1300 1369 1334 difficilis
1396 1305 1450 1333 est
1463 1299 1718 1345 adintelligen-

169 1346 270 1381 dum:
309 1346 531 1392 participium
556 1358 628 1381 non
654 1359 720 1393 pro
746 1348 857 1381 verbo
883 1348 981 1381 finito
1008 1348 1162 1393 positum
1189 1349 1253 1389 est,
1280 1347 1344 1381 sed
1369 1346 1478 1380 verba
1503 1357 1595 1392 quae
1620 1351 1719 1380 ante-

169 1393 300 1427 cedunt
323 1392 383 1428 ἐπὶ
407 1397 470 1428 τόν
494 1391 523 1428 ὦ
546 1393 707 1438 διόμεναι
721 1422 728 1429 .
743 1422 749 1429 .
765 1421 793 1429 ..
821 1394 1041 1439 μαι-ροῗ-μεν.
1056 1423 1063 1430 .
1079 1422 1108 1430 ..
1137 1395 1389 1428 continuantur
1411 1405 1476 1440 per
1489 1391 1719 1436 σπευδόμεναι

169 1438 200 1476 δ’
223 1438 367 1486 α’φελεῒν
397 1441 468 1476 κτλ.
520 1439 746 1475 Constructio
783 1442 888 1487 igitur
923 1441 1009 1475 haec
1047 1445 1117 1475 est:
1173 1442 1376 1486 μαυροιῗμεν
1410 1438 1518 1476 αιῗτόν
1550 1440 1719 1484 κρατερόν

170 1486 254 1522 ὄντα
279 1484 449 1530 διόμεναι,
475 1486 705 1531 σπει·ὃόμεναι
731 1487 762 1523 δ’
785 1489 928 1533 α’ᾳελεῖν
954 1488 1024 1523 κτλ.
1049 1487 1264 1532 Ξὸιόμειάι
1287 1489 1352 1532 μὲν
1377 1485 1494 1532 αιῗτόν,
1519 1485 1717 1531 σπενδόμε-

167 1548 226 1568 ναι
251 1532 298 1568 δέ.
352 1532 470 1574 Quare
495 1540 579 1580 post
603 1534 671 1570 359
698 1547 769 1569 non
794 1540 981 1582 punctum,
1007 1534 1071 1568 sed
1096 1546 1232 1569 comma
1257 1534 1461 1581 ponendum
1484 1533 1559 1568 erit.
1610 1532 1716 1566 Falso

169 1591 254 1615 vero
279 1580 500 1628 Hartungius
524 1581 555 1617 δ’
579 1583 723 1616 mutavit
748 1583 781 1616 in
807 1582 846 1619 τ’.
873 1602 920 1607 -
942 1581 1055 1617 Eum.
1082 1581 1138 1617 68.
1174 1581 1270 1626 ι’·’πνῳ
1295 1581 1465 1617 πεσοῐῖσαι
1489 1578 1520 1614 δ’
1544 1579 1585 1615 αἱ
1604 1580 1718 1614 κατά-

168 1642 315 1664 πτυστοι
340 1627 453 1673 κόραι,
507 1630 644 1665 Νυκτός
674 1629 825 1664 παλαιαὶ
858 1629 999 1669 παῖδες,
1029 1628 1083 1664 αἶς
1115 1627 1156 1663 οὗ
1185 1633 1346 1674 μίγνυται
1370 1628 1442 1663 κτλ.
1491 1625 1600 1660 Recte
1626 1625 1718 1660 Her-

168 1685 318 1709 mannus
343 1682 427 1721 post
451 1675 555 1720 κόραι
580 1687 721 1710 versum
747 1676 922 1710 excidisse
937 1675 1139 1716 arbitratur,
1164 1675 1199 1709 id
1213 1675 1308 1720 quod
1322 1674 1527 1720 intelligitur
1553 1685 1597 1707 ex
1611 1684 1718 1707 versu

169 1722 390 1757 antecedenti
414 1728 471 1758 καὶ
494 1722 558 1757 νῦν
581 1721 732 1758 ἀλοίσας
757 1722 859 1759 τάσδε
884 1723 944 1758 τιὶς
967 1721 1120 1767 μάργους
1143 1721 1238 1767 ὁρᾷς,
1265 1722 1323 1767 qui
1341 1732 1491 1767 prorsus
1517 1720 1607 1754 idem
1634 1732 1718 1754 con-

169 1769 268 1811 tinet,
295 1769 391 1814 quod
412 1770 445 1803 in
471 1781 502 1805 v,
529 1769 574 1805 68
600 1769 728 1804 dictum
755 1775 818 1805 est.
869 1767 989 1811 Quare
1015 1781 1145 1802 novum
1166 1768 1332 1814 quiddam
1346 1768 1556 1814 adiungatur
1570 1778 1718 1801 necesse

169 1822 235 1850 est.
271 1835 318 1841 —
352 1816 471 1851 Pers.
497 1816 577 1851 569.
626 1824 680 1853 τοὶ
706 1815 737 1852 δ’
761 1817 829 1862 ἄρα
852 1816 1084 1862 πρωτόμοροι
1109 1815 1162 1860 δή,
1188 1815 1263 1862 (fef,
1289 1816 1492 1862 λειφθέντες
1516 1815 1605 1859 πρὸς
1628 1813 1719 1849 ‹ivai-

167 1877 263 1907 γκαν,
289 1864 339 1907 ε’ἤ,
363 1862 470 1899 dunis
495 1863 586 1909 α’μᾳὶ
611 1867 774 1909 κνχρείας,
801 1862 856 1900 o'a'.
887 1870 941 1899 τοὶ
969 1868 1024 1897 est
1046 1863 1252 1904 subiectum,
1276 1862 1506 1908 πρωτόμοροι
1529 1861 1719 1906 praedica-

168 1916 252 1953 tum,
278 1911 332 1944 eui
358 1911 518 1945 adiicitur
541 1912 754 1954 λειφθέντες.
781 1931 823 1936 -
848 1910 925 1956 Ag.
954 1909 1054 1946 1269.
1092 1908 1170 1946 [602³
1194 1909 1225 1945 δ’
1247 1909 1436 1947 Ἀπόλλων
1460 1907 1565 1944 αὐτός
1589 1907 1721 1944 ἐκδύων

168 1958 230 2001 ἐμὲ
253 1961 461 2003 χρηστηρίαν
486 1957 621 2002 ἐσθῆτ’,
646 1956 864 1994 ἐπα-πείσας
889 1959 927 1993 δέ
949 1972 992 2001 με
1018 1955 1083 1991 κᾶν
1112 1956 1231 1992 τοῖσδε
1261 1957 1407 2000 κόσμοις
1435 1955 1716 2001 καταγελωμένῃι

165 2008 266 2050 μέγα.
317 2003 542 2051 Participium
569 2016 641 2039 non
667 2005 701 2038 in
727 2004 927 2039 offensione
954 2010 1018 2046 est,
1045 2015 1150 2049 quum
1178 2005 1223 2037 sit
1239 2003 1459 2038 exclamatio,
1509 2001 1617 2037 Falso
1631 2013 1717 2036 vero

166 2056 226 2085 aut
251 2051 469 2089 ἐποπτεύσας
492 2057 551 2086 aut
577 2052 614 2089 δέ
625 2057 796 2086 mutatum
812 2056 877 2094 est,
904 2063 1011 2097 quum
1037 2052 1104 2085 sibi
1131 2051 1297 2097 opposita
1321 2051 1392 2085 sint
1405 2048 1538 2086 ἐκδύων
1566 2054 1601 2084 et
1633 2049 1717 2086 ἑπο-

164 2097 322 2135 πτεύσας.

259 2144 392 2180 Labem
419 2149 673 2181 contraxerunt
703 2145 738 2180 hi
769 2145 854 2181 loci:
890 2144 991 2181 Eum.
1018 2144 1098 2180 435.
1131 2146 1208 2182 Αθ.
1233 2139 1257 2187 ἦ
1280 2140 1364 2178 κάπ’
1393 2142 1472 2185 ἐμοὶ
1496 2139 1652 2187 τρέποιτ’
1675 2141 1719 2178 ἂν

167 2190 278 2228 αι’τιάς
303 2192 420 2235 τέλος;
445 2197 512 2228 Xo.
537 2193 613 2229 πῶς
638 2192 669 2229 δ’
692 2192 749 2236 αι’-’ς
777 2198 987 2239 σὲβουσαι
1011 2192 1042 2239 γ’
1066 2191 1167 2234 οἷξιάν
1190 2190 1351 2231 ἐπαξίων.
1389 2187 1492 2223 Hunc
1518 2190 1634 2224 locum
1661 2201 1718 2223 sa-

168 2240 349 2274 lebrosum
377 2251 457 2273 esse
484 2248 517 2273 et
543 2240 713 2274 librorum
739 2241 903 2274 dissensu
930 2245 963 2273 et
991 2240 1220 2284 interpretum
1247 2247 1426 2270 consensu
1440 2248 1505 2282 pro
1533 2241 1630 2271 certo
1656 2236 1718 2270 ha-

167 2287 248 2321 beo.
297 2287 472 2320 Incertum
498 2298 582 2320 vero
611 2293 682 2328 cst,
716 2287 800 2332 quid
825 2287 870 2320 sit
895 2286 1130 2321 scribendum.
1188 2283 1360 2328 Equidem
1386 2283 1488 2318 velim
1514 2288 1604 2330 σέβω
1628 2288 1666 2320 σε’
1691 2284 1721 2330 y'

167 2333 268 2376 (ἰξίαν
292 2334 597 2380 ἕπαξιύιν.·-Ας,
612 2334 691 2369 423.
718 2334 835 2378 μάταν
860 2334 937 2380 γάρ,
963 2331 1044 2368 εὖτ’
1069 2333 1119 2367 ἂν
1142 2330 1254 2367 ἶοθλιὶ
1280 2343 1332 2367 τις
1355 2330 1495 2366 δοκῶν
1519 2330 1618 2374 δρᾶν,
1644 2345 1717 2365 πα-

167 2380 369 2426 ραλλάξασα
401 2379 459 2416 ὃιιὶ
489 2383 615 2425 χεροῖν,
650 2384 801 2428 βέβακεν
830 2379 913 2423 ὄψις
952 2378 993 2416 ου’
1023 2379 1249 2425 μεθύστερον.
1309 2377 1442 2411 Locum
1481 2377 1718 2423 corruptelam

167 2428 321 2462 traxisse
347 2439 368 2461 a
393 2428 510 2462 multis
534 2428 758 2470 intellectum,
784 2427 912 2462 nullius
937 2438 1023 2461 vero
1051 2425 1249 2461 emendatio
1276 2425 1356 2458 mihi
1382 2425 1468 2459 satis
1496 2424 1587 2459 facit.
1626 2423 1718 2464 Quid

169 2475 392 2510 scribendum
418 2475 472 2517 sit,
500 2476 575 2521 ipse
601 2476 733 2511 nescio.
761 2495 806 2500 —
838 2474 901 2509 Ch.
930 2473 1009 2509 827.
1060 2471 1276 2508 Klausenius
1309 2472 1353 2505 ad
1386 2484 1416 2507 v.
1443 2471 1523 2506 775.
1574 2471 1717 2512 „Parti-

169 2523 276 2568 cipia‚
309 2521 430 2567 inquit,
457 2533 522 2567 pro
550 2523 668 2556 verbis
694 2523 799 2556 finitis
826 2522 946 2568 posita
972 2522 1021 2555 rei
1047 2521 1234 2567 imaginem
1262 2519 1366 2553 nobis
1392 2523 1472 2553 ante
1499 2518 1622 2552 oculos
1648 2517 1716 2552 du-

170 2574 253 2603 cunt
285 2568 402 2614 ibique
433 2580 636 2603 mansuram
669 2570 879 2604 collocant.“
949 2568 1046 2602 Ilaec
1078 2568 1294 2602 Klausenius
1328 2566 1393 2600 sibi
1426 2565 1618 2599 hariolatus
1652 2571 1716 2598 est.

166 2616 301 2651 Locum
320 2616 445 2661 ipsum,
472 2628 576 2661 quum
604 2616 849 2662 aW'estphalo
876 2616 910 2650 in
938 2615 1080 2650 exercit.
1106 2614 1226 2662 philol.
1254 2618 1400 2648 sanatus
1421 2613 1476 2654 sit,
1501 2611 1716 2658 praeteribo.

169 2683 215 2688 —
239 2662 420 2697 Accentus
446 2663 644 2709 corrigatur
669 2675 816 2698 necesse
844 2668 899 2698 est
923 2663 957 2696 in
982 2662 1084 2697 Pers.
1103 2662 1183 2697 871.
1208 2661 1330 2706 λίμνας
1353 2658 1544 2695 τ’ἕκτοθεν
1567 2661 1608 2694 αἳ
1627 2659 1718 2694 κατά

170 2714 295 2755 χέρσον
329 2708 598 2754 ε’ληλάμεναι
630 2717 711 2755 περὶ
743 2710 879 2757 πύργον
911 2708 1009 2746 τοῦδ’
1043 2709 1191 2744 ἄνακτος
1224 2708 1312 2744 ἄϊον.
1367 2705 1449 2741 879.
1485 2705 1586 2741 νᾶσοί
1608 2703 1650 2741 θ’
1673 2708 1721 2740 αἳ

175 2757 262 2792 κατὰ
288 2754 396 2800 πρῶν’
420 2753 522 2792 ἅλιον
547 2757 766 2801 περίκλυστοι
796 2756 878 2802 τᾷδε
910 2757 955 2803 γᾷ
986 2755 1275 2801 προσήμεναι.
1325 2753 1434 2787 Recte
1460 2752 1658 2787 Brunckius
1684 2764 1715 2787 v.

174 2803 254 2840 879.
288 2803 327 2838 αἰ
349 2802 424 2837 sinc
455 2809 601 2838 accentu
632 2805 753 2850 posuit
781 2804 974 2850 eademque
1007 2803 1142 2837 ratione
1166 2801 1385 2847 Hartungius
1416 2812 1447 2836 v,
1480 2800 1560 2836 871.
1609 2799 1716 2834 Falso

174 2851 401 2886 Hei-mannus
427 2850 471 2885 ad
501 2863 532 2886 v,
558 2851 637 2886 866.
672 2854 754 2894 ,,α“ι“,
780 2852 907 2897 inquit,
933 2863 1011 2886 cum
1042 2849 1225 2896 participio
1259 2846 1534 2882 construendum
1567 2849 1649 2881 cst“
1685 2851 1720 2880 et

176 2898 220 2933 ad
245 2909 276 2933 ν.
300 2896 380 2933 870.
415 2897 641 2940 „Brunckius
671 2898 711 2934 αἱ
739 2899 814 2932 sine
846 2902 991 2932 accentu
1015 2897 1134 2943 posuit
1163 2895 1366 2942 refragante
1391 2895 1542 2929 dictione
1567 2893 1717 2940 poetica.

174 2945 379 2982 Pronomen
417 2945 600 2981 relat1vum
637 2957 714 2980 cum
750 2945 933 2993 participio
969 2948 1208 2979 constructum
1243 2947 1315 2986 est,
1353 2947 1391 2977 ut
1420 2941 1540 2998 paullo
1571 2943 1653 2976 ante
1685 2952 1716 2977 ν.

172 2992 277 3032 866.“
314 2990 503 3036 Quomodo
527 3003 726 3043 pronomen
750 2993 933 3029 relativiun
958 2993 1070 3040 magis
1097 2992 1141 3028 sit
1164 2990 1341 3039 poeticum
1365 2988 1531 3035 articulo,
1557 2988 1718 3036 equidem

1415 3047 1438 3086 7
