2046 3250
369 567 850 636 Aneusro
922 563 1591 634 RossBAcmo

530 710 914 789 MARTINUS
964 707 1428 787 BURGARDUS

851 870 1108 911 SALUTEM.

213 1052 398 1111 Quoniam
425 1075 567 1117 praeter
599 1069 665 1103 alia
698 1078 773 1102 mea
809 1066 1033 1112 grammatica
1062 1069 1095 1099 ct
1121 1065 1238 1098 critica
1265 1064 1350 1098 haec
1377 1076 1517 1110 quoque
1545 1065 1658 1100 studia
1686 1079 1756 1101 nou

212 1144 324 1178 solum
349 1139 450 1176 TVO
477 1140 623 1174 consilio
651 1143 750 1179 nata,
784 1137 846 1171 sed
874 1137 976 1171 etiam
1002 1135 1124 1169 favore
1149 1133 1250 1168 TVO
1277 1134 1435 1180 pet-secta
1466 1140 1570 1180 atque
1597 1136 1760 1170 absoluta

213 1218 309 1255 sunt,
353 1212 477 1257 ingrati
511 1210 614 1244 animi
640 1209 779 1242 viderer
805 1219 903 1249 esse,
938 1207 965 1240 si
991 1205 1110 1247 TIBI,
1136 1206 1188 1239 cui
1214 1209 1284 1238 tam
1312 1206 1459 1251 insignis
1486 1206 1755 1241 benevolentiae

211 1285 379 1318 varietate
416 1292 613 1327 magnaque
646 1279 861 1313 humanitate
902 1277 1092 1311 obstrictus
1125 1287 1218 1317 sum,
1259 1276 1321 1309 has
1353 1276 1547 1310 litterarum
1590 1278 1761 1322 primitias

212 1366 284 1389 non
319 1352 495 1387 offerrem,
545 1351 653 1384 Immo
693 1349 893 1383 desiderata
930 1347 1011 1381 mihi
1051 1358 1092 1381 ea
1125 1347 1371 1392 opportunitas
1412 1347 1523 1388 venit,
1562 1359 1631 1392 qua
1657 1347 1760 1381 liceat

213 1423 398 1470 aliquando
433 1423 468 1456 in
502 1422 621 1455 intima
653 1423 769 1454 mente
801 1418 1004 1452 reconditos
1038 1418 1103 1451 mei
1136 1418 1170 1451 in
1196 1416 1258 1451 TE
1292 1428 1447 1451 summae
1474 1417 1614 1462 pietatis
1654 1423 1760 1462 atquc

213 1494 433 1530 reverentiae
474 1491 733 1526 sincerissimos
774 1500 901 1523 sensus
942 1489 1159 1534 depromere.
1231 1487 1370 1522 Etenim
1403 1486 1481 1529 TV,
1522 1487 1605 1521 VIR
1645 1486 1754 1521 CLA-

214 1564 424 1606 RISSIME,
457 1574 528 1596 non
563 1562 676 1596 solum
711 1560 839 1594 scholis
873 1558 1038 1605 publiciS,
1072 1558 1134 1592 sed
1167 1557 1326 1591 familiari
1365 1558 1466 1591 etiam
1501 1557 1754 1591 consuetudine

216 1638 248 1671 in
285 1636 406 1670 animis
439 1634 626 1668 multorum
666 1633 846 1672 iuvenum,
875 1631 906 1663 in
946 1641 1095 1674 quorum
1127 1639 1273 1662 numero
1308 1629 1383 1674 ipse
1411 1640 1504 1670 sum,
1537 1628 1755 1661 Graecorum

216 1712 398 1753 poetarum
433 1715 587 1738 amorem
622 1702 799 1743 excitasti,
831 1701 1018 1734 excitatam
1051 1700 1084 1733 in
1117 1700 1191 1733 dies
1225 1699 1335 1745 magis
1363 1699 1518 1739 coluisti,
1554 1703 1591 1732 ut
1617 1697 1758 1743 plurimi

217 1789 308 1812 nunc
334 1781 479 1810 aeterna
505 1774 589 1808 artis
617 1772 775 1807 Graecae
801 1776 1024 1805 monumenta
1052 1771 1209 1805 studiose
1237 1771 1447 1804 intueantur.
1499 1766 1634 1808 Quodsi
1662 1768 1764 1813 igitur

218 1849 251 1882 in
284 1848 380 1881 hisce
417 1844 583 1892 pagelliS,
617 1854 707 1889 quae
733 1841 846 1876 TVIS
880 1841 1009 1875 scholis
1043 1842 1214 1887 originem
1240 1840 1381 1882 debent,
1420 1840 1484 1873 erit
1510 1839 1603 1883 quod
1630 1838 1761 1871 calculo

218 1917 318 1952 TVO
345 1915 573 1963 probaveris,
606 1915 720 1948 laetus
746 1912 880 1947 TVAE
904 1911 1041 1946 debebo
1069 1911 1292 1957 disciplinae:
1326 1910 1379 1944 sin
1411 1909 1536 1952 minus,
1563 1908 1762 1955 gratissimo

219 1989 334 2022 animo
361 1986 504 2021 TVAM
532 1985 699 2031 accipiam
724 1983 1050 2030 reprehensionem.
