2046 3250
242 193 426 227 Decembri
452 191 534 225 anni
560 191 591 225 h.
622 202 648 224 s.
674 189 766 224 LIX.
798 200 945 222 examen
971 201 1037 234 pro
1073 187 1238 224 facultate
1269 190 1420 225 docendi
1455 191 1554 226 subii.
1606 189 1685 231 Quo
1719 202 1777 225 su-

243 257 367 296 perato
394 255 581 295 postquam
617 249 650 281 in
684 247 804 281 schola
838 248 882 282 ad
914 248 1082 293 Spiritum
1115 248 1282 282 Sanctum
1314 260 1379 294 per
1419 260 1553 294 paucos
1592 249 1780 284 admodum

240 307 480 342 hebdomades
505 307 701 340 tirocinium
726 305 874 339 docendi
907 305 991 347 feci,
1027 306 1169 339 ineunte
1201 310 1335 340 aestate
1369 317 1504 340 summa
1535 307 1784 342 benevolentia

244 365 404 410 Kaempii
432 364 615 398 directoris
644 370 677 398 et
702 363 896 398 Marbachii
922 363 1142 409 professoris
1169 364 1213 399 V.
1239 364 1283 398 V.
1311 364 1362 399 Ill.
1392 363 1521 398 factum
1549 369 1614 406 est,
1638 369 1678 399 ut
1701 365 1782 399 mihi

242 423 512 457 collaboratoris
539 434 664 456 munus
691 422 830 456 interim
857 422 1091 456 mandaretur.
1143 421 1271 467 Neque
1306 434 1390 456 vero
1423 422 1491 456 hoc
1523 434 1649 457 munus
1683 423 1782 458 subii.

240 480 331 515 Nam
358 480 482 514 morbo
510 481 595 514 satis
621 481 719 526 gravi
747 484 932 526 correptus
958 484 1067 514 totam
1101 479 1176 514 fere
1209 484 1379 514 aestatem
1405 480 1620 515 Vratislavia
1655 481 1784 515 absens

240 545 276 573 nt
302 539 467 585 degerem
493 539 656 584 cogebar.
707 537 782 572 Nec
808 549 956 584 possum
980 538 1187 580 Elvenichii,
1212 538 1438 581 Junkmanni,
1464 539 1584 573 Stievii
1606 538 1649 575 V.
1667 539 1710 574 V.
1733 539 1784 574 Ill.

243 598 401 631 eximiam
427 597 677 630 humanitatem
705 597 845 630 silentio
872 597 1088 642 praeterire,
1123 597 1179 641 qui
1219 608 1273 630 me
1299 602 1482 643 aegrotum
1515 598 1693 631 beneficiis
1726 609 1785 630 cu-

240 656 431 696 mularunt,
467 660 683 700 quapropter
717 667 894 699 nunquam
928 667 1049 689 corum
1083 655 1283 689 recordatio
1320 662 1353 689 et
1385 656 1553 689 memoria
1594 655 1672 688 mihi
1701 667 1781 689 eva-

242 719 376 749 nosceta
426 713 528 747 Initio
556 714 688 746 mensis
712 712 795 746 Julii
825 714 907 747 anni
933 712 1010 747 LX.
1037 714 1212 747 seminarii
1237 713 1470 759 paedagogici
1504 713 1636 747 sodalis
1671 713 1785 748 factus

243 783 330 813 sum,
356 777 545 817 postquam
573 771 639 805 iam
664 783 729 817 per
753 771 902 806 hiemem
931 772 1077 818 singulis
1104 783 1168 817 per
1192 771 1449 806 hebdomadem
1473 771 1785 805 exercitationibus

240 830 394 866 interfui.
446 830 498 864 lta
531 830 727 865 Scheiberti
760 835 793 864 et
824 835 951 876 postea
983 831 1102 865 Stievii
1137 830 1180 864 V.
1215 830 1258 865 V.
1293 830 1364 872 lll.,
1398 830 1524 875 quibus
1557 830 1689 875 gratias
1714 841 1783 876 ago

239 901 342 935 quam
374 889 556 930 maximas,
574 889 752 922 uberrima
777 889 997 923 institutione
1022 900 1134 934 usque
1161 889 1204 922 ad
1230 888 1320 922 hunc
1345 888 1436 922 diem
1462 899 1548 922 usus
1569 899 1786 935 magnopere

242 948 380 982 adiutus
409 959 484 981 sum
511 947 545 980 in
571 947 776 993 magisterio
803 947 929 981 melius
955 953 1063 993 atque
1088 948 1217 981 rectius
1232 947 1459 983 instituendo.
1484 945 1577 981 Nam
1592 946 1786 988 Wissowa,

241 1007 285 1041 V.
312 1006 364 1040 111.
391 1006 546 1039 director
570 1005 744 1051 gymnasii
770 1006 1021 1040 catholicorum
1034 1006 1336 1047 Vratislaviensis‚
1361 1006 1500 1051 roganti
1526 1005 1618 1048 mihi,
1643 1011 1682 1039 ut
1706 1005 1786 1039 inde

241 1065 285 1098 ab
312 1070 499 1098 auctumno
528 1064 608 1098 anni
633 1063 710 1099 LX.
744 1064 778 1096 in
805 1065 990 1109 gymnasio
1025 1065 1196 1098 catholico
1230 1064 1380 1098 docendi
1412 1063 1606 1109 periculum
1636 1075 1787 1109 pergere

240 1123 321 1156 mihi
356 1123 487 1165 liceret,
512 1123 617 1156 huius
641 1123 692 1157 rei
721 1123 858 1168 copiam
884 1123 1132 1156 lubentissime
1159 1122 1251 1157 fecit.
1300 1122 1410 1157 Simul
1437 1121 1541 1156 etiam
1575 1133 1789 1156 summorum

241 1182 506 1227 magistratuum
540 1193 675 1215 summa
705 1180 955 1215 benevolentia
980 1181 1060 1214 mihi
1087 1181 1182 1215 licuit
1207 1180 1338 1215 scholis
1364 1181 1537 1214 interesse
1562 1180 1788 1222 Junkmanni,

240 1239 461 1280 Rossbachii,
488 1239 674 1281 Stenzleri,
710 1239 754 1275 V.
781 1239 832 1274 Ill.
873 1237 986 1280 Quum
1021 1250 1104 1273 vero
1146 1239 1308 1274 omnibus
1341 1239 1395 1272 his
1427 1239 1511 1272 viris
1543 1239 1789 1273 illustrissimis

241 1298 453 1331 doctissimis
494 1298 626 1343 gratias
659 1308 726 1343 ago
766 1309 869 1342 quam
896 1298 1078 1340 maximas,
1116 1303 1189 1332 tum
1228 1302 1396 1343 qnantum
1433 1297 1486 1334 111.
1513 1297 1722 1331 Rossbachii
1756 1302 1790 1330 et

240 1356 442 1401 WVestphali
470 1356 652 1391 doctrinae
679 1367 718 1389 ac
744 1356 947 1390 humanitati
974 1356 1121 1390 debeam
1145 1356 1270 1390 melius
1297 1357 1369 1390 scio
1404 1361 1510 1402 atque
1537 1356 1650 1390 sentio
1685 1366 1787 1400 quam

241 1415 357 1448 verbis
384 1426 530 1459 possum
558 1415 765 1460 exprimere.
