2046 3250
1005 229 1060 271 62

270 357 361 398 tivo
397 356 678 399 accusativus
710 356 803 400 fieri
835 359 1045 414 potueriti
1121 359 1222 401 Huc
1254 359 1448 410 accedit,
1497 359 1619 416 quod
1652 360 1697 404 in
1726 360 1812 404 hac

268 416 365 470 ipsa
396 430 507 456 voce
537 415 744 470 primaria
774 417 890 459 inest
933 418 1234 474 corruptionis
1274 419 1423 467 sedes,
1467 419 1635 475 quippe
1676 434 1810 476 quum

268 475 365 529 ipsa
396 471 482 526 ιῖτη
513 474 653 515 totius
684 475 772 517 loci
804 477 1047 518 sententiae
1078 477 1334 533 refragetur.
1383 478 1539 533 Neque
1560 492 1667 520 vero
1691 478 1811 520 aliud

266 531 516 587 Aeschylus
548 533 738 575 scribere
768 535 918 590 potuit
957 535 1040 576 nisi
1080 533 1215 587 ἄδην,
1265 536 1387 591 quod
1433 536 1610 592 quidem
1654 537 1810 578 adver-

266 591 382 631 bium
415 591 476 630 ita
506 591 642 632 verbo
675 594 874 648 γεμίζειν
900 593 1100 635 additum
1119 599 1197 643 est,
1231 600 1280 635 ut
1309 590 1407 649 μέγ’
1437 596 1538 636 voci
1565 596 1810 650 ἐμπλῆσαις

266 654 400 704 atque
434 663 547 703 quae
580 650 918 693 desiderabatur
949 653 1239 701 concinnitas,
1273 654 1333 694 ita
1353 657 1420 694 est
1437 654 1653 696 restituta.
1687 654 1810 696 Haec

266 706 512 748 emendatio
544 722 569 748 a
599 708 841 752 litterarum
874 711 1012 752 ductu
1043 712 1250 753 maiorem
1290 711 1425 752 habet
1466 711 1810 753 commendatio-

264 780 362 806 nem
396 779 526 821 quam
559 764 670 821 ἄτης
699 782 845 824 neque
875 771 1002 811 etiam
1036 784 1216 811 necesse
1249 776 1316 812 est
1345 776 1540 811 mutetur
1582 771 1812 827 genetivus

265 820 426 879 γόμου,
472 826 547 880 qui
580 826 634 866 ab
670 828 874 869 omnibus
905 830 1220 885 interpretibus
1254 835 1320 871 est
1351 834 1561 872 mutatus.
1637 829 1814 885 Reapse

265 883 376 922 enim
408 883 664 940 intelligitur
696 886 754 927 ad
785 887 983 942 γεμίζειν
1016 894 1059 929 et
1085 889 1311 943 ἐμπλῆσαι
1337 889 1619 929 accusativus
1641 883 1813 943 δόμους

264 956 317 981 ex
349 955 480 982 versu
498 944 573 997 qui
596 945 828 986 antecedit.
863 945 931 987 Ita
951 947 1097 988 omnia
1130 954 1234 988 sunt
1265 947 1436 1003 integra
1469 953 1511 988 et
1545 946 1602 987 ad
1636 946 1813 987 dicendi

265 1001 633 1043 consuetudinem
665 1009 888 1046 revocata.
962 1005 1131 1063 Magna
1164 1010 1309 1046 autem
1344 1006 1545 1046 exoritur
1577 1006 1815 1046 sententia-

262 1073 357 1098 rum
390 1060 680 1104 concinnitas.
758 1062 870 1103 Nam
904 1063 986 1104 sibi
1017 1064 1293 1119 respondent
1327 1068 1413 1106 καὶ
1447 1060 1697 1120 χρημάτων
1726 1067 1815 1118 μὲν

265 1122 307 1157 et
341 1121 426 1159 καὶ
457 1119 643 1173 γλῶσσα.
691 1120 763 1161 Ad
779 1127 1015 1177 utrumque
1048 1128 1193 1163 autem
1225 1122 1313 1163 hoc
1346 1123 1587 1163 membrum
1618 1122 1812 1177 pertinet

263 1174 350 1229 μέν
383 1177 600 1230 particula
633 1178 902 1236 duobusque
933 1180 1002 1222 his
1036 1181 1273 1222 enuntiatis
1306 1196 1346 1223 v.
1380 1180 1464 1221 449
1508 1195 1585 1235 per
1626 1180 1673 1221 δέ
1707 1195 1809 1235 par-

262 1233 441 1275 ticulam
474 1237 719 1291 opponitur
750 1236 873 1285 ὅπως
905 1235 974 1289 δέ,
1016 1240 1078 1281 ita
1108 1245 1158 1281 ut
1190 1240 1300 1281 haec
1334 1239 1390 1280 sit
1419 1239 1558 1280 totius
1590 1238 1676 1279 loci
1711 1254 1810 1280 sen-

264 1292 421 1333 tentia:
469 1294 528 1335 Et
571 1296 733 1350 opibus
775 1311 830 1337 ex
870 1297 1055 1339 aedibus
1100 1299 1263 1354 ereptis
1304 1298 1414 1339 aliae
1445 1298 1564 1339 Iovis
1596 1298 1814 1339 beneficio

264 1351 489 1401 eveniant,
539 1368 652 1409 quae
684 1355 862 1396 abunde
890 1356 1022 1398 aedes
1056 1357 1220 1399 divitiis
1261 1357 1485 1412 impleant.
1562 1356 1621 1397 Et
1665 1356 1817 1412 lingua

265 1409 301 1449 si
332 1409 447 1451 forte
479 1412 793 1468 intempestiva
825 1414 1006 1464 dixerit,
1050 1416 1193 1457 oratio
1227 1430 1310 1472 pro
1345 1415 1547 1456 oratione
1578 1415 1817 1456 lenimenta

265 1468 473 1512 attulerit.
555 1471 616 1514 Ut
663 1487 770 1514 vero
827 1475 1185 1531 consanguineus
1232 1475 1412 1530 sanguis
1457 1488 1513 1515 ne
1560 1473 1816 1515 effundatur

268 1541 301 1567 e.
331 1541 371 1582 q.
406 1542 439 1570 s,
513 1529 705 1586 Propter
737 1539 1001 1575 concentum
1043 1540 1189 1576 autem
1219 1548 1376 1575 versus
1409 1532 1495 1574 448
1528 1546 1708 1574 necesse
1746 1538 1817 1574 est

266 1590 460 1640 ponatur
491 1594 592 1630 ante
623 1605 664 1633 v.
697 1590 807 1641 447,
849 1592 910 1633 ita
940 1598 990 1634 ut
1019 1608 1110 1635 non
1143 1592 1287 1634 solum
1318 1593 1362 1633 in
1393 1592 1542 1647 priore
1575 1591 1654 1632 sed
1689 1592 1818 1632 etiam

264 1644 307 1684 in
340 1647 588 1699 posteriore
619 1650 813 1690 membro
847 1652 1042 1706 protasis
1071 1652 1186 1694 duos
1220 1651 1445 1693 contineat
1467 1664 1623 1691 versus
1643 1655 1686 1691 et
1705 1664 1815 1706 apo-

267 1702 389 1743 dosis
431 1719 456 1745 a
494 1706 671 1761 γένοιτο
711 1708 904 1764 incipiat.
984 1710 1085 1765 Ipse
1130 1717 1275 1752 tamen
1318 1724 1474 1751 versus
1523 1708 1622 1751 448.
1674 1709 1819 1750 labem

269 1763 513 1813 contraxit,
555 1766 680 1807 cuius
718 1772 838 1808 certa
870 1769 1118 1811 emendatio
1151 1769 1257 1810 milii
1289 1770 1332 1810 in
1364 1773 1579 1824 promptu
1610 1783 1700 1809 non
1734 1773 1814 1811 est.

269 1819 437 1877 Integri
469 1823 601 1879 igitur
632 1840 788 1867 versus
819 1826 866 1867 hi
898 1834 1020 1869 sunt:

441 1905 529 1947 καὶ
562 1901 808 1962 χρημάτων
838 1911 943 1964 μὲν
975 1912 1020 1951 ἐκ
1053 1905 1209 1965 δόμων
1240 1908 1578 1964 πορθουμένων

444 1959 582 2018 ἅδην
613 1965 867 2020 γεμίζειν
898 1967 968 2009 καὶ
1001 1965 1126 2024 μέγ’
1158 1968 1439 2024 ἐμπλῆσαι
1472 1964 1612 2023 γόμου

441 2016 603 2076 γένοιτ’
635 2019 694 2064 ἂν
725 2020 833 2066 ἄλλα
868 2026 1052 2079 κτησίου
1082 2023 1193 2073 Διός
1226 2022 1369 2083 χάριν.

442 2083 530 2121 καὶ
563 2080 736 2135 γλῶσσα
770 2078 1015 2131 τοξεύσασα
1043 2082 1107 2138 μή
1138 2082 1195 2126 τά
1229 2085 1376 2137 καίρια

443 2141 456 2154 ’
477 2133 659 2194 (ἶλγεινιὶ
692 2142 844 2194 θυμοῦ
874 2138 1013 2196 κάρτα
1048 2140 1282 2198 κινητήρια
1301 2144 1316 2161 ‘
1349 2141 1466 2198 (448)

441 2195 618 2250 γένοιτο
651 2193 813 2253 μύθου
844 2201 1000 2254 μῦθος
1033 2197 1090 2242 ἄν
1124 2196 1389 2255 θελκτήριος
1422 2200 1538 2253 (447)

445 2251 567 2301 ὅπως
599 2250 637 2295 δ’
668 2253 861 2312 ὅμαιμον
898 2256 1011 2315 αἷμα
1043 2254 1110 2314 μή
1142 2255 1378 2315 γενήσεται
1414 2259 1506 2300 κτλ.

897 2433 1069 2478 Caput
1106 2433 1177 2466 11.

701 2515 754 2559 De
786 2510 832 2556 δέ
866 2517 1073 2573 particulae
1107 2517 1364 2561 collocatione.

979 2622 1000 2675 g
1034 2620 1102 2662 oo,

383 2693 428 2736 δέ
465 2699 681 2752 particula
715 2716 848 2756 quum
881 2702 1091 2743 inserviat
1123 2702 1430 2743 connectendo
1465 2702 1656 2742 sermoni
1687 2702 1810 2742 haud

266 2755 423 2805 procul
466 2758 621 2799 abesse
661 2761 715 2800 ab
756 2761 878 2801 initio
921 2761 1163 2802 sententiae
1205 2761 1365 2801 debere
1409 2760 1687 2801 manifestum
1731 2766 1810 2805 est,

267 2813 474 2863 quoniam
508 2832 590 2857 usu
622 2818 829 2867 invaluit,
864 2824 910 2859 ut
946 2820 1131 2875 primum
1167 2820 1208 2860 in
1243 2834 1292 2859 ea
1323 2820 1470 2860 locuni
1505 2834 1594 2859 non
1627 2825 1810 2859 teneret.

267 2870 619 2917 Consentaneum
669 2884 814 2918 autom
862 2878 922 2918 cis
971 2879 1247 2934 potissimum
1296 2878 1526 2919 vocabulis
1560 2877 1716 2918 subiici
1749 2876 1811 2924 δέ,

269 2930 310 2969 in
344 2933 504 2986 quibus
539 2950 673 2990 quum
707 2937 926 2978 sententia
965 2938 1082 2992 ipsa,
1131 2944 1223 2978 tuin
1262 2952 1375 2978 sono
1409 2936 1632 2977 vinculum
1666 2934 1811 2990 quod-

271 2987 369 3029 dain
421 3006 518 3032 cuin
576 2996 861 3050 oppositione
917 2996 1240 3038 contrariorum
1295 2995 1570 3037 intercedens
1618 2999 1810 3037 notatur.
