2046 3250
920 190 968 230 17

292 316 337 368 4)
370 315 477 372 μέν
506 340 564 347 -
596 311 816 371 α’τάρ”).

290 374 430 430 Apud
459 373 733 432 Aeschylum
763 391 856 418 non
886 376 1068 433 legitur,
1112 391 1213 419 nam
1245 378 1289 419 in
1321 377 1497 420 Prom.
1531 378 1629 420 340.
1670 374 1728 421 τά

174 433 263 488 μέν
309 433 346 476 σ’
384 435 555 476 ἐπαινῶ
596 433 806 491 κούδαμῇ
851 431 964 490 λήξω
1000 437 1126 477 ποτέ.
1170 437 1439 492 προθυμίας
1471 434 1556 494 γάρ
1593 433 1729 480 οὐδὲν

174 491 411 539 ἐλλείπεις·
446 487 562 546 (ιῖτιίρ
595 491 742 548 μηδὲν
775 491 906 536 πόνει
946 519 1000 527 -
1035 494 1213 536 videtur
1246 495 1423 551 quidem
1455 495 1729 551 respondere

172 564 319 607 neque
357 564 465 592 vero
506 551 774 607 respondet;
819 559 886 594 est
926 554 1038 594 enim
1079 554 1400 610 supplendum:
1447 551 1503 596 ’τιὶ
1537 552 1574 596 δ’
1605 552 1660 597 οὕ
1692 550 1730 596 σ’

175 611 371 652 ἐπαινῶ·
407 604 542 652 οὐδὲν
573 608 656 666 γάρ
690 617 846 658 πονεῖς
878 611 933 654 cs.
967 612 1081 653 infra
1113 617 1134 663 ξ
1160 613 1228 656 22.
1290 613 1473 670 Legitur
1505 618 1651 655 autem
1684 614 1727 654 in

173 668 339 724 Soph.
374 667 577 711 Trach.
619 670 688 712 54.
722 670 820 710 760.
885 670 936 712 O.
971 670 1023 712 R.
1070 671 1193 713 1052.
1264 671 1387 713 Eur.
1429 671 1575 713 Troi.
1626 672 1725 714 343.

173 727 272 770 415.
305 725 406 770 895.
468 727 588 770 Med.
623 728 693 771 83.
754 728 893 784 Hipp.
932 728 1055 770 1249.

289 786 332 837 5)
359 785 457 840 μέν
489 810 542 816 -
576 788 851 841 μέντοι”).

287 843 477 886 Aesoh.
510 845 653 888 Eum.
688 845 787 889 591.
820 843 977 888 Χο.ἒν
1002 849 1086 900 μὲν
1116 840 1212 887 τόδ’
1242 843 1330 914 ἥδ’]
1361 849 1453 890 τῶν
1472 849 1611 903 τριῶν
1629 865 1725 890 πα-

171 900 440 959 λαισμάτων.
491 903 574 958 Ορ.
608 899 664 945 ov’
694 904 874 959 κειμένῳ
908 920 977 946 πω
1010 899 1145 946 τόνδε
1177 907 1417 959 κομπαζεις
1449 902 1599 961 λόγον.
1643 907 1723 948 Χο.

170 963 315 1004 εἰπεῖν
342 977 391 1017 γε
423 962 585 1016 μέντοι
618 961 689 1004 δεῖ
706 957 743 1004 σ’
769 960 894 1010 ὅπως
925 962 1211 1008 κατέκτανες.
1275 962 1442 1019 Soph.
1465 963 1602 1005 Phil.
1623 965 1721 1006 350.

172 1018 224 1062 O.
254 1019 307 1062 R.
339 1018 438 1062 777.
473 1020 572 1077 (μέν
715 1037 764 1078 γε
795 1022 957 1078 μέντοι
989 1038 1046 1058 =
1079 1024 1197 1065 certe
1228 1025 1407 1075 tamen.)
1469 1022 1573 1066 Eur.
1607 1023 1711 1065 Med

173 1078 297 1122 1145.

289 1138 331 1192 6)
365 1137 454 1194 μέν
484 1162 543 1170 -
575 1134 614 1180 δ’
640 1133 701 1180 αὖ
731 1138 825 1181 sive
858 1133 915 1182 αὖ
930 1140 995 1191 ²⁴).

285 1197 336 1238 In
357 1197 600 1254 tragoediis
619 1197 879 1254 Aeschyleis
912 1212 1003 1239 non
1020 1198 1257 1240 invenitur.
1292 1199 1428 1255 Apud
1447 1200 1723 1257 Sophoclem

168 1255 212 1296 iu
244 1256 326 1297 El.
361 1256 460 1300 910,
520 1255 690 1298 Eadem
720 1257 893 1299 ratione
925 1257 970 1298 in
1000 1257 1121 1300 Ant.
1158 1257 1269 1298 1302
1303 1260 1392 1315 μέν
1413 1285 1464 1290 —
1489 1257 1629 1307 αὖθις
1661 1260 1725 1303 δέ.

286 1314 328 1368 7)
357 1316 461 1371 μέν
491 1339 549 1347 —
581 1311 830 1369 αὖθιςυ).

287 1374 461 1430 Soph.
486 1375 605 1416 Ant.
640 1374 735 1418 165.
769 1376 907 1418 τοῦτο
940 1375 1030 1431 μέν
1060 1401 1118 1408 -
1148 1372 1273 1418 τοῦτ’
1305 1372 1459 1424 αὖθις.
1522 1377 1625 1419 Non
1658 1393 1724 1419 re-

171 1432 400 1488 spondent.
432 1433 677 1489 particulae
706 1430 790 1488 μέν
822 1448 893 1489 ap.
922 1440 1063 1490 poett.
1088 1441 1230 1491 tragg.
1258 1431 1419 1491 αὐτάρ,
1452 1432 1576 1487 αὖτε,
1611 1452 1725 1493 quae

168 1492 213 1532 in
242 1491 329 1533 hac
361 1493 654 1548 responsione
687 1493 809 1548 apud
853 1493 1093 1535 Homerum
1133 1493 1361 1549 leguntur,
1411 1509 1556 1549 neque
1596 1497 1724 1537 etiam

167 1547 264 1606 μήν
303 1553 369 1605 (ut
412 1566 483 1607 ap.
516 1551 628 1594 Plat.
672 1552 716 1592 in
757 1552 948 1594 Phaedr.
990 1568 1034 1608 p.
1078 1552 1163 1593 268
1208 1552 1261 1596 cf.
1307 1552 1451 1594 stalli>
1510 1554 1567 1595 ad
1608 1554 1723 1599 Plat.

262 1704 310 1749 ²²)
338 1704 447 1738 Recte
484 1704 650 1739 Klotzius
684 1705 704 1740 l.
735 1717 762 1741 s,
790 1717 818 1741 S.
846 1705 887 1740 11.
922 1717 954 1750 p.
984 1705 1049 1739 195
1082 1705 1201 1738 docuit
1231 1704 1320 1748 α’τιέρ
1349 1717 1455 1751 quum
1481 1707 1563 1741 nihil
1590 1709 1635 1741 sit
1660 1709 1725 1742 nisi

167 1749 358 1785 adtenuata
381 1752 553 1797 quaedam
579 1758 685 1797 atque
711 1752 891 1785 imminuta
915 1753 1031 1785 forma
1055 1753 1247 1797 particulae
1272 1752 1393 1797 ar'w'p,
1420 1754 1612 1798 antiquitus
1636 1755 1725 1789 hanc

167 1797 334 1832 habuisse
359 1800 427 1832 vim
454 1805 488 1833 et
513 1805 739 1844 potestatem,
765 1805 803 1832 ut
829 1805 926 1832 esset
950 1811 1106 1832 rursus
1133 1800 1271 1845 igitur
1296 1800 1357 1843 (Ξ
1381 1798 1463 1834 αι’-τε
1487 1800 1583 1846 ἄρα).
1634 1801 1722 1836 Mox

168 1855 251 1879 vero
280 1845 409 1880 factum
434 1857 533 1888 esse,
559 1853 613 1888 ut,
647 1846 942 1891 quemadmodum
969 1846 1003 1879 id
1029 1847 1133 1879 ctiam
1159 1847 1194 1880 in
1221 1847 1367 1892 simplici
1394 1848 1565 1892 particula
1589 1847 1630 1883 αὖ
1658 1860 1724 1883 usu

169 1893 318 1934 venerit,
357 1892 468 1938 αιῗτάρ
495 1893 549 1927 vel
575 1892 664 1937 α’τάρ
699 1893 782 1927 nihil
808 1893 902 1927 aliud
928 1892 1003 1926 fere
1029 1893 1227 1939 significare
1253 1894 1431 1927 videretur
1456 1895 1522 1928 nisi
1555 1904 1722 1931 contra.

168 1937 220 1971 Ex
247 1939 311 1973 hac
338 1941 474 1986 origine
500 1941 723 1986 perspicitur,
750 1952 810 1974 eur
835 1945 899 1985 μέν
924 1941 1116 1985 particulae
1142 1941 1259 1986 possit
1284 1940 1513 1986 respondere.
1547 1942 1600 1976 Ita
1614 1941 1723 1988 Soph.

166 1985 293 2022 Trach.
320 1987 363 2021 54
390 1999 443 2032 sq.
477 1988 551 2023 πῶς
575 1994 674 2023 παισὶ
701 1989 779 2031 μὲν
802 1987 960 2023 moon-152
986 1987 1173 2032 πληθιῗὲις,
1206 1986 1313 2031 circlo
1344 1987 1471 2032 α’νδρός
1500 1990 1589 2024 κατά
1615 1989 1724 2034 ζήτη-

167 2047 222 2067 σιν
247 2032 288 2069 ον’
316 2039 464 2079 πέμπεις
487 2034 577 2076 τινά,
605 2046 707 2080 quem
727 2035 842 2068 locum
858 2034 1022 2068 Klotzius
1044 2034 1247 2080 explicavit:
1275 2033 1414 2076 ‚‚Quid?
1440 2039 1476 2068 tu
1502 2035 1623 2069 liberis
1648 2038 1724 2082 qui-

166 2080 260 2122 dem,
312 2093 402 2126 quos
436 2087 490 2115 tot
522 2082 649 2124 habes,
688 2082 866 2123 abundas,
903 2087 943 2116 at
975 2082 1113 2127 igitur
1151 2082 1194 2115 ad
1236 2082 1346 2116 virum
1378 2083 1617 2126 quaerendum
1651 2095 1723 2117 non

165 2128 272 2162 mittis
299 2128 555 2174 quemquam?“

259 2175 309 2219 2·’·)
336 2175 388 2209 Ex
417 2176 551 2221 origine
577 2180 699 2219 μέντοι
724 2176 915 2221 particulae
941 2179 1006 2219 μέν
1030 2176 1249 2221 respondere
1275 2188 1347 2209 non
1372 2182 1501 2222 potest.
1554 2176 1720 2211 Continet

167 2222 257 2255 enim
274 2223 518 2268 gravissimam
537 2223 855 2265 adseverationem,
875 2235 980 2268 quum
1001 2223 1198 2268 composita
1225 2224 1269 2256 sit
1295 2235 1336 2256 cx
1352 2228 1416 2266 μέν
1440 2223 1721 2257 affirmativo

167 2275 201 2302 et
225 2274 282 2304 τοί
301 2269 596 2304 affirmativo.
635 2269 774 2315 Duplex
800 2272 904 2317 igitur
930 2270 1115 2303 affirmatio
1143 2270 1220 2303 huic
1246 2270 1437 2315 particulae
1459 2271 1560 2305 inest.
1601 2270 1719 2311 Quare

167 2327 208 2349 ex
237 2317 371 2362 origine
405 2317 545 2362 quidem
579 2321 642 2358 μέν
674 2337 719 2341 --
743 2322 866 2362 μέντοι
900 2329 972 2350 non
1005 2318 1051 2350 ita
1084 2323 1236 2362 possunt
1261 2317 1435 2362 usurpari,
1462 2324 1499 2350 ut
1522 2321 1587 2361 μέν
1612 2337 1656 2342 ——
1682 2317 1720 2352 δέ

166 2363 256 2396 inter
282 2375 320 2397 se
346 2365 513 2409 opposita
538 2370 629 2399 sunt.
680 2365 812 2398 Postea
838 2376 922 2397 vero
951 2364 1079 2397 sactum
1107 2370 1171 2405 cst,
1198 2369 1233 2397 ut
1259 2368 1379 2406 μέντοι
1411 2369 1555 2397 tamen
1589 2365 1723 2410 signifi-

166 2416 279 2452 caret,
318 2422 408 2456 quae
445 2411 730 2457 frequentissima
766 2412 840 2445 eius
880 2410 1086 2456 significatio
1127 2417 1189 2445 cst.
1256 2410 1356 2443 Hanc
1391 2410 1458 2443 vim
1493 2419 1525 2444 ct
1561 2418 1720 2456 potesta-

166 2464 234 2490 tem
261 2469 366 2502 quum
392 2458 575 2500 induisset,
613 2459 714 2492 etiam
746 2463 810 2501 μέν
844 2458 1033 2503 particulae
1067 2458 1182 2503 potuit
1207 2458 1351 2503 opponi.
1417 2456 1568 2491 Omnino
1600 2462 1720 2501 μέντοι

165 2505 376 2548 posterioris
402 2505 539 2539 videtur
564 2517 643 2539 esse
667 2506 824 2551 originis.
874 2505 914 2539 In
940 2505 1065 2546 Iliade,
1097 2510 1265 2549 quantum
1293 2505 1377 2545 scio,
1416 2516 1489 2537 non
1515 2504 1652 2550 legitur,
1688 2506 1720 2537 in

167 2549 232 2585 Od.
261 2551 304 2586 es.
332 2552 365 2593 4,
393 2552 458 2586 157
483 2553 683 2598 primariam
709 2553 815 2586 habet
841 2552 1142 2597 significatIOnem.

259 2599 306 2643 ²⁴)
333 2598 442 2632 Recte
468 2599 632 2633 Klotzius
658 2600 678 2635 l.
707 2611 733 2634 s,
763 2611 790 2634 s,
817 2599 858 2635 11.
881 2599 966 2632 210:
994 2599 1165 2640 „voculae
1199 2596 1242 2632 αι’·
1269 2599 1502 2644 praeponitur
1527 2609 1633 2644 saepe
1657 2610 1721 2632 nu-

167 2655 263 2678 mero
292 2671 299 2678 .
327 2673 333 2680 .
360 2646 532 2691 particula
556 2645 603 2688 δέ,
630 2652 667 2680 ut
695 2652 844 2691 utraque
869 2646 1038 2691 particula
1065 2657 1163 2679 suam
1189 2645 1318 2678 habeat
1344 2645 1422 2679 vim.
1451 2673 1457 2680 .
1487 2673 1493 2679 .
1521 2674 1527 2680 .
1562 2645 1666 2685 Quod
1692 2647 1719 2679 si

167 2691 199 2724 in
227 2693 397 2726 eiusmodi
434 2693 520 2726 locis
557 2693 790 2738 praecedente
827 2698 891 2737 μέν
923 2693 1095 2737 particula
1126 2692 1268 2737 ponitur
1294 2689 1335 2725 αἶ
1362 2692 1435 2724 sive
1461 2690 1516 2734 δέ,
1554 2693 1606 2725 vis
1632 2692 1721 2737 ipsa,

166 2750 269 2782 quam
295 2739 403 2773 habet
425 2746 549 2774 natura
571 2752 635 2773 sua
657 2738 698 2773 αἶ
723 2740 906 2786 particula,
924 2739 1015 2773 illam
1034 2739 1270 2785 oppositionis
1287 2738 1577 2783 significationem
1596 2750 1720 2784 snper-

166 2796 354 2820 vacaneam
381 2787 474 2828 fecit,
490 2793 528 2820 ut
553 2788 626 2820 iure
654 2787 717 2820 dici
743 2787 859 2832 possit
883 2786 1053 2832 particula
1077 2790 1141 2830 μέν
1159 2786 1260 2818 ctiam
1289 2785 1399 2829 excipi
1427 2796 1445 2818 a
1470 2786 1641 2831 particula
1665 2785 1721 2824 αὖ,

167 2833 296 2878 quippe
324 2845 365 2867 co
396 2835 445 2868 rei
472 2834 688 2875 discrimine,
717 2834 810 2879 quod
837 2834 888 2867 vis
915 2833 1106 2878 particulae
1134 2833 1210 2877 ipsa
1236 2832 1462 2877 praecipiat.“
1522 2832 1564 2867 cs.
1594 2832 1629 2867 11.
1668 2834 1720 2873 ll,

258 2928 306 2971 ²⁵)
333 2927 563 2961 Manifestum
591 2933 657 2969 cst,
683 2924 790 2962 αἶθις
816 2926 936 2960 eadem
964 2927 1100 2960 ratione
1125 2930 1190 2969 μέν
1216 2925 1412 2971 particulae
1440 2936 1548 2970 posse
1576 2935 1718 2971 respon*

166 2972 261 3017 dere,
289 2985 357 3019 qua
383 2972 426 3010 αι’·
452 2975 670 3020 respondere
698 2975 854 3010 vidimus,
907 2973 960 3009 Cs.
987 2973 1105 3008 Klotz.
1134 2973 1154 3008 1.
1181 2985 1209 3008 s,
1236 2984 1263 3006 s.
1290 2972 1330 3007 ΙΙ.
1359 2984 1392 3016 p.
1419 2971 1500 3007 214.

1415 3031 1435 3063 3
