2046 3250
877 567 1111 645 Vita.

221 772 434 825 Franciscus
445 789 622 826 Martinus
636 789 811 836 Burgard,
837 789 916 824 fidei
943 789 1135 824 catholicae
1162 789 1331 831 addictus,
1357 788 1552 825 Nehemiae
1579 792 1612 825 in
1635 790 1774 826 Guest-

221 847 326 882 saliae
351 849 439 883 urbe
465 860 578 895 prope
603 849 848 895 Arnsbergam
875 848 952 889 sita,
979 859 1009 882 a.
1035 847 1067 883 d.
1093 847 1192 882 XVI.
1220 846 1292 883 Cal.
1308 848 1411 883 Febr.
1439 860 1532 883 anno
1558 850 1659 884 huius
1686 861 1764 884 sae-

220 906 286 940 culi
298 906 457 943 XXXV.
483 913 587 941 natus
613 918 689 941 sum
715 911 814 952 patre
827 905 1000 952 Josepho,
1027 917 1097 951 quo
1125 906 1236 940 adhuc
1262 907 1341 940 vivo
1368 907 1518 952 gaudeo,
1540 913 1651 942 matre
1666 908 1771 941 Anna

225 963 341 999 Maria
367 977 385 1000 e
411 970 516 1011 gente
531 965 862 1006 Schneidersmann,
889 975 992 1009 quam
1018 970 1131 998 morte
1156 969 1379 1010 praematura
1406 971 1561 1011 ereptam
1589 966 1691 1000 valde
1718 966 1772 999 lu-

219 1035 299 1069 geo.
352 1023 548 1069 Postquam
585 1024 781 1057 litterarum
817 1023 1014 1057 rudimenta
1051 1022 1086 1057 in
1122 1023 1204 1057 ludo
1243 1024 1384 1068 publico
1420 1023 1540 1065 didici,
1567 1023 1770 1058 Muenster-

219 1093 342 1124 mann,
379 1083 437 1128 qui
472 1084 670 1117 etiamnunc
697 1083 731 1115 in
757 1082 844 1116 urbe
870 1082 983 1127 patria
1010 1082 1119 1115 sacris
1145 1082 1377 1127 procurandis
1403 1087 1557 1127 praeest,
1572 1088 1605 1116 et
1627 1082 1763 1116 Kuehle

218 1140 250 1176 b.
297 1153 341 1175 m.
383 1141 460 1175 Viri
500 1140 586 1175 Rev.
631 1151 767 1174 summa
809 1141 971 1174 comitate
1009 1151 1048 1173 ac
1093 1140 1301 1174 liberalitate
1358 1140 1567 1174 lectionibus
1626 1141 1773 1185 privatis

220 1211 276 1234 me
303 1205 460 1234 veterum
486 1200 683 1245 linguarum
705 1199 877 1233 elementa
895 1198 1099 1233 edocebant.
1143 1198 1298 1232 Pueritia
1318 1198 1458 1231 vixdum
1475 1203 1598 1231 exacta
1614 1198 1771 1243 Gymna-

219 1259 273 1292 sio
289 1258 540 1292 Theodoriano
556 1258 855 1299 Paderbornensi‚
883 1257 979 1302 quod
1005 1257 1202 1290 etiamnunc
1217 1257 1445 1301 Ahlemeyeri
1467 1257 1631 1302 auspiciis
1653 1256 1772 1298 floret,

219 1317 252 1350 in
280 1316 498 1362 disciplinam
525 1317 675 1351 traditus
702 1321 735 1349 et
761 1316 796 1349 in
821 1316 962 1349 tertium
989 1315 1149 1349 ordinem
1182 1321 1347 1361 receptus
1379 1326 1466 1349 sum.
1518 1314 1769 1360 Quinquennio

221 1380 400 1409 transacto
428 1375 553 1409 studiis
579 1374 800 1415 academicis,
826 1374 1028 1408 testimonio
1057 1373 1212 1420 legitime
1227 1374 1426 1419 impetrato,
1447 1379 1573 1407 memet
1596 1379 1770 1407 maturum

223 1433 373 1468 exhibui.
425 1432 498 1467 Sub
525 1433 745 1467 auctumnale
772 1433 877 1478 igitur
900 1437 1041 1478 tempus
1068 1432 1148 1465 anni
1176 1431 1208 1467 h.
1236 1443 1262 1466 s.
1288 1431 1379 1466 LIV.
1414 1431 1608 1465 litterarum
1645 1431 1772 1465 acade-

221 1492 323 1525 miam
349 1491 416 1525 adii
438 1491 759 1526 Monasteriensem
787 1496 819 1524 et
845 1491 935 1525 inter
962 1492 1035 1525 eius
1062 1491 1157 1525 cives
1183 1491 1226 1524 ab
1253 1489 1400 1524 Reinkio
1428 1489 1471 1524 V.
1500 1489 1564 1530 Ill.,
1587 1491 1684 1524 cuius
1699 1497 1770 1523 tum

221 1549 338 1584 fasces
365 1555 482 1592 erant,
509 1555 673 1596 receptus
698 1561 762 1596 per
787 1549 855 1583 duo
883 1550 1068 1584 semestria
1092 1549 1365 1595 philosophicis,
1391 1559 1455 1594 per
1469 1548 1535 1581 alia
1549 1548 1619 1582 duo
1634 1548 1772 1582 theolo-

221 1608 307 1654 gicis
347 1609 470 1643 studiis
495 1620 625 1643 nomen
669 1609 758 1644 dedi.
835 1607 925 1642 Tum
964 1619 1068 1649 vero,
1107 1620 1212 1653 quum
1253 1608 1287 1641 in
1332 1607 1406 1641 dies
1444 1606 1556 1651 magis
1602 1607 1775 1652 intellige·

221 1678 313 1709 rem,
341 1675 375 1701 et
408 1667 523 1701 animo
562 1678 640 1701 meo
681 1674 715 1701 et
753 1667 894 1712 ingenio
933 1667 1044 1712 magis
1081 1666 1290 1707 convenire,
1335 1670 1372 1699 ut
1416 1664 1631 1711 theologiam
1670 1665 1776 1699 relin-

221 1736 365 1770 querem
403 1730 438 1759 et
482 1725 606 1760 studiis
654 1725 907 1772 philosophicis
945 1729 1050 1770 atque
1084 1724 1306 1770 philologieis
1352 1734 1407 1757 me
1451 1722 1589 1764 darem,
1629 1723 1776 1756 discessi

220 1783 440 1817 Monasterio
475 1790 510 1817 et
534 1788 719 1818 auctumno
753 1784 834 1818 anni
866 1783 899 1818 h.
935 1795 962 1817 s.
999 1781 1090 1818 LVI.
1118 1783 1152 1816 in
1178 1783 1371 1816 litterarum
1403 1781 1666 1815 universitatem
1692 1781 1779 1814 Via-

220 1842 354 1876 drinam
380 1841 790 1889 commigravi,uhiaV.
805 1842 856 1877 Ill.
870 1841 1050 1888 Lowigio,
1086 1846 1169 1876 tunc
1206 1840 1322 1875 fasces
1361 1839 1582 1874 academicos
1621 1846 1776 1881 tenente,

220 1902 311 1936 inter
348 1903 442 1936 cives
487 1901 707 1935 academicos
744 1906 908 1946 receptus
954 1911 1084 1934 nomen
1122 1899 1200 1934 dedi
1239 1898 1332 1945 apud
1370 1898 1413 1933 V.
1454 1897 1504 1932 Ill.
1545 1897 1778 1932 Branissiuin.

219 1959 338 1995 Unum
374 1966 457 2006 post
481 1971 611 1994 annum
637 1959 797 1993 Bonnam
823 1959 994 2004 migravi,
1027 1958 1142 2002 ibique
1175 1958 1208 1991 in
1242 1957 1441 1991 academiae
1475 1956 1598 1990 civium
1631 1967 1777 1990 numero

220 2030 240 2052 a
265 2025 403 2053 rectore
434 2018 677 2052 Haelschnero
717 2017 759 2053 V.
800 2017 850 2051 Ill.
896 2021 1060 2061 receptus
1100 2028 1164 2062 per
1207 2021 1378 2050 semestre
1419 2014 1595 2049 seminarii
1627 2014 1779 2059 philolo-

220 2078 286 2123 gici
319 2077 452 2111 sodalis
485 2077 784 2111 extraordinarius
818 2075 877 2110 sui.
950 2075 1087 2110 Deinde
1121 2074 1367 2108 Vralislaviam
1395 2073 1501 2114 redii,
1535 2078 1569 2106 et
1601 2074 1644 2106 ab
1672 2072 1776 2106 Εἰνο-

220 2136 333 2170 nicliio
360 2135 404 2171 V.
432 2135 483 2170 Ill.
511 2141 593 2169 tunc
616 2135 731 2170 fasces
758 2134 978 2168 academicos
1006 2138 1158 2175 tenente,
1185 2133 1308 2166 iterum
1343 2133 1467 2166 civium
1494 2131 1776 2166 academicorum

220 2205 366 2228 numero
383 2194 581 2239 adscriptus
605 2195 670 2228 tria
690 2205 754 2239 per
777 2193 962 2227 semestria
976 2191 1099 2226 studiis
1113 2191 1335 2237 philologieis
1350 2201 1494 2236 operam
1513 2190 1647 2224 navavi.
1674 2189 1776 2223 Intra

220 2252 286 2286 hos
336 2263 449 2286 annos
487 2252 656 2286 docentes
711 2251 826 2285 audivi
872 2251 968 2284 vix-os
1014 2250 1230 2284 clarissimos
1280 2249 1505 2283 doctissimos
1544 2247 1775 2282 Monasterii:

221 2311 389 2357 Berlage,
415 2310 575 2356 ffisping,
602 2310 849 2356 Cappenberg,
877 2309 1052 2350 Clemens,
1069 2306 1432 2353 Deyeks,Dieckhoff,
1450 2306 1598 2346 Karseh,
1625 2305 1773 2347 Reinke,

222 2369 402 2411 Sehlfiter,
447 2369 640 2410 Schwane,
685 2367 934 2408 Wieniewski;
988 2366 1256 2400 W'ratislaviae:
1292 2365 1450 2406 Baltzer‚
1477 2364 1657 2409 Bemays,
1691 2363 1779 2397 Bra-

222 2429 314 2469 niss,
351 2426 535 2469 Elvenich‚
568 2426 716 2469 Haase,
752 2427 974 2468 Jnnkmann,
1012 2424 1215 2466 Rossbach,
1249 2423 1404 2465 Vahlen,
1431 2422 1638 2468 VVestphal:
1672 2421 1768 2456 Bon-

223 2496 308 2519 nae:
335 2485 493 2527 Knoodt,
521 2485 666 2527 Ritschl,
693 2485 871 2531 Schopen,
896 2483 1077 2519 chlcker.
1128 2482 1363 2516 Vratislaviae
1391 2482 1494 2516 etiam
1520 2482 1588 2515 tria
1619 2492 1683 2526 per
1717 2492 1772 2515 se·

223 2543 367 2578 mestria
393 2543 527 2578 sodalis
561 2543 761 2577 ordinarius
788 2543 910 2577 Haasii
955 2549 989 2577 et
1022 2541 1231 2576 Rossbachii
1266 2541 1443 2575 seminarii
1476 2539 1682 2586 philologici
1715 2539 1781 2581 fui,

224 2603 305 2636 item
339 2602 628 2636 exercitationum
661 2601 975 2648 philologicarum,
1014 2612 1102 2646 quas
1135 2599 1293 2640 Vahlen,
1325 2598 1451 2632 deinde
1480 2597 1680 2643 lVestphal,
1710 2599 1773 2632 viri

225 2660 530 2707 praestantissimi,
547 2659 837 2701 moderabantur,
858 2666 892 2694 et
915 2659 1252 2706 philosophicarum,
1275 2668 1364 2702 quas
1380 2656 1559 2696 Elvenich,
1587 2656 1776 2701 professor

226 2719 475 2764 amplissimus,
501 2718 714 2759 moderatur,
742 2718 945 2763 participem
973 2729 1026 2751 mc
1053 2716 1197 2751 reddidi.
1251 2716 1365 2756 Quum
1405 2726 1489 2748 vero
1518 2715 1682 2748 omnibus
1709 2715 1777 2748 illis

226 2777 270 2813 V.
298 2777 342 2812 V.
368 2777 410 2812 D.
436 2776 477 2811 D.
505 2777 638 2822 gratias
665 2788 768 2821 quam
796 2777 966 2810 maximas
992 2775 1107 2810 debeo
1135 2785 1346 2820 semperque
1373 2773 1533 2813 habebo,
1571 2779 1686 2807 tamen
1721 2774 1778 2806 rix

227 2837 293 2871 diei
319 2841 452 2882 potest,
479 2840 630 2880 quantas
656 2834 875 2876 Elvcnicliio,
900 2834 1140 2875 Junkmanno,
1167 2831 1412 2872 Rossbacffio,
1438 2830 1605 2865 Vahleno
1622 2857 1631 2873 ,
1657 2831 1778 2865 lVest-

227 2895 344 2940 pha10.
371 2894 496 2935 V.C1.‚
522 2894 580 2939 qui
607 2905 661 2928 me
689 2904 829 2939 semper
855 2904 983 2939 magua
1009 2904 1086 2927 cum
1113 2891 1321 2926 liberalitate
1351 2895 1384 2923 ct
1409 2889 1504 2923 domi
1533 2900 1617 2923 suae
1632 2901 1778 2935 accepe-

229 2960 309 2987 runt
338 2958 372 2987 et
396 2964 452 2987 me
477 2952 521 2987 ad
547 2953 638 2987 hunc
663 2952 754 2987 diem
781 2951 930 2986 consilio
958 2963 1022 2985 suo
1056 2961 1177 2985 carere
1206 2959 1360 2993 nunqum
1388 2947 1486 2993 passi
1510 2953 1602 2982 sunt.
1652 2948 1779 2984 Mense
